%%%%%%%%%%%%%%%%%%%%%%%%%%%%%%%%%%%%%%%Proposal


@book {Voskresenskii,
    AUTHOR = {Voskresenski{\u\i}, V. E.},
     TITLE = {Algebraic groups and their birational invariants},
    SERIES = {Translations of Mathematical Monographs},
    VOLUME = {179},
      NOTE = {Translated from the Russian manuscript by Boris Kunyavski
              [Boris {\`E}. Kunyavski{\u\i}]},
 PUBLISHER = {American Mathematical Society, Providence, RI},
      YEAR = {1998},
     PAGES = {xiv+218},
      ISBN = {0-8218-0905-9},
   MRCLASS = {20G30 (11E72 14G05 14G25)},
  MRNUMBER = {1634406 (99g:20090)},
MRREVIEWER = {Philippe Gille},
}
		

@book {Jordan,
    AUTHOR = {Jordan, Camille},
     TITLE = {Memorie sur l'equivalence des formes},
    SERIES = {J. Ecole Polytech},
    VOLUME = {48},
      YEAR = {1880},
     PAGES = {112-150},
     
}


@book {Borel,
    AUTHOR = {Borel, Armand},
     TITLE = {Linear algebraic groups},
    SERIES = {Graduate Texts in Mathematics},
    VOLUME = {126},
   EDITION = {Second},
 PUBLISHER = {Springer-Verlag, New York},
      YEAR = {1991},
     PAGES = {xii+288},
      ISBN = {0-387-97370-2},
   MRCLASS = {20-01 (20Gxx)},
  MRNUMBER = {1102012 (92d:20001)},
MRREVIEWER = {F. D. Veldkamp},
       DOI = {10.1007/978-1-4612-0941-6},
       URL = {http://dx.doi.org/10.1007/978-1-4612-0941-6},
}


@book {Humphreys,
    AUTHOR = {Humphreys, James E.},
     TITLE = {Linear algebraic groups},
      NOTE = {Graduate Texts in Mathematics, No. 21},
 PUBLISHER = {Springer-Verlag, New York-Heidelberg},
      YEAR = {1975},
     PAGES = {xiv+247},
   MRCLASS = {20GXX (14LXX)},
  MRNUMBER = {0396773 (53 \#633)},
MRREVIEWER = {T. Ono},
}

@book {Waterhouse,
    AUTHOR = {Waterhouse, William C.},
     TITLE = {Introduction to affine group schemes},
    SERIES = {Graduate Texts in Mathematics},
    VOLUME = {66},
 PUBLISHER = {Springer-Verlag, New York-Berlin},
      YEAR = {1979},
     PAGES = {xi+164},
      ISBN = {0-387-90421-2},
   MRCLASS = {14-01 (14Lxx 20G99)},
  MRNUMBER = {547117 (82e:14003)},
MRREVIEWER = {M. Kh. Gizatullin},
}

@book {Lorenz,
    AUTHOR = {Lorenz, Martin},
     TITLE = {Multiplicative invariant theory},
    SERIES = {Encyclopaedia of Mathematical Sciences},
    VOLUME = {135},
      NOTE = {Invariant Theory and Algebraic Transformation Groups, VI},
 PUBLISHER = {Springer-Verlag, Berlin},
      YEAR = {2005},
     PAGES = {xii+177},
      ISBN = {3-540-24323-2},
   MRCLASS = {13A50 (12F20 13H10 20F55)},
  MRNUMBER = {2131760 (2005m:13012)},
MRREVIEWER = {Frank D. Grosshans},
}
	
@book {Brown,
    AUTHOR = {Brown, Kenneth S.},
     TITLE = {Cohomology of groups},
    SERIES = {Graduate Texts in Mathematics},
    VOLUME = {87},
      NOTE = {Corrected reprint of the 1982 original},
 PUBLISHER = {Springer-Verlag, New York},
      YEAR = {1994},
     PAGES = {x+306},
      ISBN = {0-387-90688-6},
   MRCLASS = {20J05 (20-02)},
  MRNUMBER = {1324339 (96a:20072)},
}		

%%%%---------------------------------------------------
@article {Lenstra,
    AUTHOR = {Lenstra, Jr., H. W.},
     TITLE = {Rational functions invariant under a finite abelian group},
   JOURNAL = {Invent. Math.},
  FJOURNAL = {Inventiones Mathematicae},
    VOLUME = {25},
      YEAR = {1974},
     PAGES = {299--325},
      ISSN = {0020-9910},
   MRCLASS = {12F10 (12A35)},
  MRNUMBER = {0347788 (50 \#289)},
MRREVIEWER = {P. M. Cohn},
}

@article {Vos67,
    AUTHOR = {Voskresenski{\u\i}, V. E.},
     TITLE = {On two-dimensional algebraic tori. {II}},
   JOURNAL = {Izv. Akad. Nauk SSSR Ser. Mat.},
  FJOURNAL = {Izvestiya Akademii Nauk SSSR. Seriya Matematicheskaya},
    VOLUME = {31},
      YEAR = {1967},
     PAGES = {711--716},
      ISSN = {0373-2436},
   MRCLASS = {14.20},
  MRNUMBER = {0214597 (35 \#5446)},
MRREVIEWER = {Andrzej Bialynicki-Birula},
}



@article {Vos74,
    AUTHOR = {Voskresenski{\u\i}, V. E.},
     TITLE = {Stable equivalence of algebraic tori},
   JOURNAL = {Izv. Akad. Nauk SSSR Ser. Mat.},
  FJOURNAL = {Izvestiya Akademii Nauk SSSR. Seriya Matematicheskaya},
    VOLUME = {38},
      YEAR = {1974},
     PAGES = {3--10},
      ISSN = {0373-2436},
   MRCLASS = {14C20 (20G15 14L15)},
  MRNUMBER = {0342515 (49 \#7261)},
MRREVIEWER = {J.-E. Bertin},
}
		
@article {Saltman,
    AUTHOR = {Saltman, David J.},
     TITLE = {Noether's problem over an algebraically closed field},
   JOURNAL = {Invent. Math.},
  FJOURNAL = {Inventiones Mathematicae},
    VOLUME = {77},
      YEAR = {1984},
    NUMBER = {1},
     PAGES = {71--84},
      ISSN = {0020-9910},
   MRCLASS = {13B02 (13A20)},
  MRNUMBER = {751131},
MRREVIEWER = {Zensho Nakao},
       DOI = {10.1007/BF01389135},
       URL = {http://dx.doi.org/10.1007/BF01389135},
}

@article {EndoMiyata,
    AUTHOR = {End{\^o}, Shizuo and Miyata, Takehiko},
     TITLE = {Invariants of finite abelian groups},
   JOURNAL = {J. Math. Soc. Japan},
  FJOURNAL = {Journal of the Mathematical Society of Japan},
    VOLUME = {25},
      YEAR = {1973},
     PAGES = {7--26},
      ISSN = {0025-5645},
   MRCLASS = {20C99},
  MRNUMBER = {0311754 (47 \#316)},
MRREVIEWER = {R. Aguilo Fuster},
}
@article {Hoshi,
    AUTHOR = {Hoshi, Akinari and Yamasaki, Aiichi},
     TITLE = {Rationality problem for algebraic tori},
   JOURNAL = {ArXiv.},
  FJOURNAL = {ArXiv},
    VOLUME = {1210.4525},
      YEAR = {2012},
}
@article {Plesken,
    AUTHOR = {Plesken, Wilhelm and Pohst, Michael},
     TITLE = {On maximal finite irreducible subgroups of {${\rm GL}(n,Z).$}
              {I}. {T}he five and seven dimensional case. {II}. {T}he six
              dimensional case},
   JOURNAL = {Bull. Amer. Math. Soc.},
  FJOURNAL = {Bulletin of the American Mathematical Society},
    VOLUME = {82},
      YEAR = {1976},
    NUMBER = {5},
     PAGES = {757--758},
      ISSN = {0002-9904},
   MRCLASS = {20H15 (10C30 20C10)},
  MRNUMBER = {0407165 (53 \#10948)},
MRREVIEWER = {Donald Maurer},
}

@book {Crystallography,
    AUTHOR = {Brown, Harold and B\"ulow, Rolf and Neub\"user, Joachim and
              Wondratschek, Hans and Zassenhaus, Hans},
     TITLE = {Crystallographic groups of four-dimensional space},
      NOTE = {Wiley Monographs in Crystallography},
 PUBLISHER = {Wiley-Interscience [John Wiley \& Sons], New
              York-Chichester-Brisbane},
      YEAR = {1978},
     PAGES = {xiv+443},
      ISBN = {0-471-03095-3},
   MRCLASS = {82.20 (20F05)},
  MRNUMBER = {0484179},
MRREVIEWER = {Daniel B. Litvin},
}

@article {Nicole1,
    AUTHOR = {Lemire, Nicole},
     TITLE = {Four Dimensional Algebraic Tori},
   JOURNAL = {ArXiv:},
  FJOURNAL = {ArXiv},
    VOLUME = {1511.00315},
      YEAR = {},
}

@book{Zippel,
   title =     {Effective polynomial computation},
   author =    {R  E Zippel },
   publisher = {Kluwer},
   isbn =      {0792393759,9780792393757},
   year =      {1993},
   series =    {Kluwer international series in engineering and computer science, 241},
   edition =   {},
   volume =    {},
}

@book {Renault,
    AUTHOR = {Renault, Marc Stetson},
     TITLE = {Computing generators for rings of multiplicative invariants},
      NOTE = {Thesis (Ph.D.)--Temple University},
 PUBLISHER = {ProQuest LLC, Ann Arbor, MI},
      YEAR = {2002},
     PAGES = {79},
      ISBN = {978-0496-27026-2},
   MRCLASS = {Thesis},
  MRNUMBER = {2704228},
       URL =
              {http://gateway.proquest.com/openurl?url_ver=Z39.88-2004&rft_val_fmt=info:ofi/fmt:kev:mtx:dissertation&res_dat=xri:pqdiss&rft_dat=xri:pqdiss:3079141},
}

@book {Newman,
    AUTHOR = {Newman, Morris},
     TITLE = {Integral matrices},
      NOTE = {Pure and Applied Mathematics, Vol. 45},
 PUBLISHER = {Academic Press, New York-London},
      YEAR = {1972},
     PAGES = {xvii+224},
   MRCLASS = {15A33},
  MRNUMBER = {0340283},
MRREVIEWER = {B. M. Stewart},
}

@article {LatticeBase,
    AUTHOR = {Magliveras, Spyros S. and van Trung,  Tran and Wei,Wandi},
     TITLE = {Primitive sets in a lattice},
   JOURNAL = {AUSTRALASIAN JOURNAL OF COMBINATORICS},
  FJOURNAL = {},
    VOLUME = {40},
      YEAR = {2008},
      PAGES = {173-186},
}

@book {Lux,
    AUTHOR = {Lux, Klaus and Pahlings, Herbert},
     TITLE = {Representations of groups},
    SERIES = {Cambridge Studies in Advanced Mathematics},
    VOLUME = {124},
      NOTE = {A computational approach},
 PUBLISHER = {Cambridge University Press, Cambridge},
      YEAR = {2010},
     PAGES = {x+460},
      ISBN = {978-0-521-76807-8},
   MRCLASS = {20C15 (20C20)},
  MRNUMBER = {2680716},
MRREVIEWER = {Shigeo Koshitani},
       DOI = {10.1017/CBO9780511750915},
       URL = {http://dx.doi.org/10.1017/CBO9780511750915},
}      

@incollection {Parker,
    AUTHOR = {Parker, R. A.},
     TITLE = {The computer calculation of modular characters (the meat-axe)},
 BOOKTITLE = {Computational group theory ({D}urham, 1982)},
     PAGES = {267--274},
 PUBLISHER = {Academic Press, London},
      YEAR = {1984},
   MRCLASS = {20C20 (20-04)},
  MRNUMBER = {760660},
MRREVIEWER = {Leo J. Alex},
}

@article {Plesken2,
    AUTHOR = {Plesken, Wilhelm and Souvignier, Bernd},
     TITLE = {Constructing rational representations of finite groups},
   JOURNAL = {Experiment. Math.},
  FJOURNAL = {Experimental Mathematics},
    VOLUME = {5},
      YEAR = {1996},
    NUMBER = {1},
     PAGES = {39--47},
      ISSN = {1058-6458},
   MRCLASS = {20C15 (20C05 20C40)},
  MRNUMBER = {1412953},
MRREVIEWER = {Katsuhiro Uno},
       URL = {http://projecteuclid.org/euclid.em/1047591146},
}

@incollection {Holt,
    AUTHOR = {Holt, Derek F.},
     TITLE = {The {M}eataxe as a tool in computational group theory},
 BOOKTITLE = {The atlas of finite groups: ten years on ({B}irmingham, 1995)},
    SERIES = {London Math. Soc. Lecture Note Ser.},
    VOLUME = {249},
     PAGES = {74--81},
 PUBLISHER = {Cambridge Univ. Press, Cambridge},
      YEAR = {1998},
   MRCLASS = {20-04 (20C05)},
  MRNUMBER = {1647414},
MRREVIEWER = {Sarah E. Rees},
       DOI = {10.1017/CBO9780511565830.011},
       URL = {http://dx.doi.org/10.1017/CBO9780511565830.011},
}

@incollection {Parker2,
    AUTHOR = {Parker, Richard A.},
     TITLE = {An integral meataxe},
 BOOKTITLE = {The atlas of finite groups: ten years on ({B}irmingham, 1995)},
    SERIES = {London Math. Soc. Lecture Note Ser.},
    VOLUME = {249},
     PAGES = {215--228},
 PUBLISHER = {Cambridge Univ. Press, Cambridge},
      YEAR = {1998},
   MRCLASS = {20-04},
  MRNUMBER = {1647424},
MRREVIEWER = {Sarah E. Rees},
       DOI = {10.1017/CBO9780511565830.021},
       URL = {http://dx.doi.org/10.1017/CBO9780511565830.021},
}

@book {Gruber,
    AUTHOR = {Gruber, P. M. and Lekkerkerker, C. G.},
     TITLE = {Geometry of numbers},
    SERIES = {North-Holland Mathematical Library},
    VOLUME = {37},
   EDITION = {Second},
 PUBLISHER = {North-Holland Publishing Co., Amsterdam},
      YEAR = {1987},
     PAGES = {xvi+732},
      ISBN = {0-444-70152-4},
   MRCLASS = {11Hxx (52-02)},
  MRNUMBER = {893813},
MRREVIEWER = {Thomas W. Cusick},
}

@article {Hoshi2,
    AUTHOR = {Hoshi, Akinari and Kang, Ming-chang and Kitayama, Hidetaka},
     TITLE = {Quasi-monomial actions and some 4-dimensional rationality
              problems},
   JOURNAL = {J. Algebra},
  FJOURNAL = {Journal of Algebra},
    VOLUME = {403},
      YEAR = {2014},
     PAGES = {363--400},
      ISSN = {0021-8693},
   MRCLASS = {12F20 (14E08)},
  MRNUMBER = {3166080},
MRREVIEWER = {Zinovy Reichstein},
       DOI = {10.1016/j.jalgebra.2014.01.019},
       URL = {http://dx.doi.org/10.1016/j.jalgebra.2014.01.019},
}

@incollection {Kunyavski,
    AUTHOR = {Kunyavski\u\i , B. \`E.},
     TITLE = {Three-dimensional algebraic tori},
 BOOKTITLE = {Investigations in number theory ({R}ussian)},
     PAGES = {90--111},
      NOTE = {Translated in Selecta Math. Soviet. {{\bf{9}}} (1990), no. 1,
              1--21},
 PUBLISHER = {Saratov. Gos. Univ., Saratov},
      YEAR = {1987},
   MRCLASS = {14M25 (20G15)},
  MRNUMBER = {1032541},
MRREVIEWER = {Vladimir L. Popov},
}

@article {NoetherNormalBasis,
    AUTHOR = {Noether, Emmy},
     TITLE = {Normalbasis bei {K}\"orpern ohne h\"ohere {V}erzweigung},
   JOURNAL = {J. Reine Angew. Math.},
  FJOURNAL = {Journal f\"ur die Reine und Angewandte Mathematik. [Crelle's
              Journal]},
    VOLUME = {167},
      YEAR = {1932},
     PAGES = {147--152},
      ISSN = {0075-4102},
   MRCLASS = {DML},
  MRNUMBER = {1581331},
       DOI = {10.1515/crll.1932.167.147},
       URL = {http://dx.doi.org/10.1515/crll.1932.167.147},
}
	
@article {Deuring,
    AUTHOR = {Deuring, Max},
     TITLE = {Galoissche {T}heorie und {D}arstellungstheorie},
   JOURNAL = {Math. Ann.},
  FJOURNAL = {Mathematische Annalen},
    VOLUME = {107},
      YEAR = {1933},
    NUMBER = {1},
     PAGES = {140--144},
      ISSN = {0025-5831},
   MRCLASS = {DML},
  MRNUMBER = {1512793},
       DOI = {10.1007/BF01448886},
       URL = {http://dx.doi.org/10.1007/BF01448886},
}

@article {LenstraInfiniteGalois,
    AUTHOR = {Lenstra, Jr., H. W.},
     TITLE = {A normal basis theorem for infinite {G}alois extensions},
   JOURNAL = {Nederl. Akad. Wetensch. Indag. Math.},
  FJOURNAL = {Koninklijke Nederlandse Akademie van Wetenschappen.
              Indagationes Mathematicae},
    VOLUME = {47},
      YEAR = {1985},
    NUMBER = {2},
     PAGES = {221--228},
      ISSN = {0019-3577},
   MRCLASS = {12F10 (16A24)},
  MRNUMBER = {799082},
MRREVIEWER = {Lindsay N. Childs},
}
	
@article {LenstraPrimitive,
    AUTHOR = {Lenstra, Jr., H. W. and Schoof, R. J.},
     TITLE = {Primitive normal bases for finite fields},
   JOURNAL = {Math. Comp.},
  FJOURNAL = {Mathematics of Computation},
    VOLUME = {48},
      YEAR = {1987},
    NUMBER = {177},
     PAGES = {217--231},
      ISSN = {0025-5718},
   MRCLASS = {11T30 (12E20)},
  MRNUMBER = {866111},
MRREVIEWER = {Jacques Wolfmann},
       DOI = {10.2307/2007886},
       URL = {http://dx.doi.org/10.2307/2007886},
}

@article {Girstmair,
    AUTHOR = {Girstmair, Kurt},
     TITLE = {An algorithm for the construction of a normal basis},
   JOURNAL = {J. Number Theory},
  FJOURNAL = {Journal of Number Theory},
    VOLUME = {78},
      YEAR = {1999},
    NUMBER = {1},
     PAGES = {36--45},
      ISSN = {0022-314X},
   MRCLASS = {12F10 (12Y05)},
  MRNUMBER = {1706933},
MRREVIEWER = {M. E. Keating},
       DOI = {10.1006/jnth.1999.2388},
       URL = {http://dx.doi.org/10.1006/jnth.1999.2388},
}

@article {Giesbrecht,
    AUTHOR = {von zur Gathen, Joachim and Giesbrecht, Mark},
     TITLE = {Constructing normal bases in finite fields},
   JOURNAL = {J. Symbolic Comput.},
  FJOURNAL = {Journal of Symbolic Computation},
    VOLUME = {10},
      YEAR = {1990},
    NUMBER = {6},
     PAGES = {547--570},
      ISSN = {0747-7171},
   MRCLASS = {11T30 (11Y16 68Q40)},
  MRNUMBER = {1087979},
MRREVIEWER = {Ren\~A\copyright{} Schoof},
       DOI = {10.1016/S0747-7171(08)80158-7},
       URL = {http://dx.doi.org/10.1016/S0747-7171(08)80158-7},
}

@article {Poli,
    AUTHOR = {Poli, A.},
     TITLE = {A deterministic construction for normal bases of abelian
              extensions},
   JOURNAL = {Comm. Algebra},
  FJOURNAL = {Communications in Algebra},
    VOLUME = {22},
      YEAR = {1994},
    NUMBER = {12},
     PAGES = {4751--4757},
      ISSN = {0092-7872},
   MRCLASS = {12F10},
  MRNUMBER = {1285704},
MRREVIEWER = {Jean Cougnard},
       DOI = {10.1080/00927879408825099},
       URL = {http://dx.doi.org/10.1080/00927879408825099},
}

@book {Bourbaki,
    AUTHOR = {Bourbaki, N.},
     TITLE = {\'El\'ements de math\'ematique. {F}asc. {XXXIV}. {G}roupes et
              alg\`ebres de {L}ie. {C}hapitre {IV}: {G}roupes de {C}oxeter et
              syst\`emes de {T}its. {C}hapitre {V}: {G}roupes engendr\'es par
              des r\'eflexions. {C}hapitre {VI}: syst\`emes de racines},
    SERIES = {Actualit\'es Scientifiques et Industrielles, No. 1337},
 PUBLISHER = {Hermann, Paris},
      YEAR = {1968},
     PAGES = {288 pp. (loose errata)},
   MRCLASS = {22.50 (17.00)},
  MRNUMBER = {0240238},
MRREVIEWER = {G. B. Seligman},
}

@article {Speiser,
    AUTHOR = {Speiser, A.},
     TITLE = {Zahlentheoretische {S}\"atze aus der {G}ruppentheorie},
   JOURNAL = {Math. Z.},
  FJOURNAL = {Mathematische Zeitschrift},
    VOLUME = {5},
      YEAR = {1919},
    NUMBER = {1-2},
     PAGES = {1--6},
      ISSN = {0025-5874},
   MRCLASS = {DML},
  MRNUMBER = {1544369},
       DOI = {10.1007/BF01203150},
       URL = {http://dx.doi.org/10.1007/BF01203150},
}

@article {Masuda,
    AUTHOR = {Masuda, Katsuhiko},
     TITLE = {On a problem of {C}hevalley},
   JOURNAL = {Nagoya Math. J.},
  FJOURNAL = {Nagoya Mathematical Journal},
    VOLUME = {8},
      YEAR = {1955},
     PAGES = {59--63},
      ISSN = {0027-7630},
   MRCLASS = {09.1X},
  MRNUMBER = {0069159},
MRREVIEWER = {P. Samuel},
       URL = {http://projecteuclid.org/euclid.nmj/1118799620},
}

@book {Curtis,
    AUTHOR = {Curtis, Charles W. and Reiner, Irving},
     TITLE = {Methods of representation theory. {V}ol. {I}},
    SERIES = {Wiley Classics Library},
      NOTE = {With applications to finite groups and orders,
              Reprint of the 1981 original,
              A Wiley-Interscience Publication},
 PUBLISHER = {John Wiley \& Sons, Inc., New York},
      YEAR = {1990},
     PAGES = {xxiv+819},
      ISBN = {0-471-52367-4},
   MRCLASS = {20-02 (01A75 11R33 20Cxx)},
  MRNUMBER = {1038525},
}

@article {Noether,
    AUTHOR = {Noether, Emmy},
     TITLE = {Gleichungen mit vorgeschriebener {G}ruppe},
   JOURNAL = {Math. Ann.},
  FJOURNAL = {Mathematische Annalen},
    VOLUME = {78},
      YEAR = {1917},
    NUMBER = {1},
     PAGES = {221--229},
      ISSN = {0025-5831},
   MRCLASS = {DML},
  MRNUMBER = {1511893},
       DOI = {10.1007/BF01457099},
       URL = {http://dx.doi.org/10.1007/BF01457099},
}

@book {Jensen,
    AUTHOR = {Jensen, Christian U. and Ledet, Arne and Yui, Noriko},
     TITLE = {Generic polynomials},
    SERIES = {Mathematical Sciences Research Institute Publications},
    VOLUME = {45},
      NOTE = {Constructive aspects of the inverse Galois problem},
 PUBLISHER = {Cambridge University Press, Cambridge},
      YEAR = {2002},
     PAGES = {x+258},
      ISBN = {0-521-81998-9},
   MRCLASS = {12F12 (13B05)},
  MRNUMBER = {1969648},
MRREVIEWER = {Jannis A. Antoniadis},
}

@incollection {Rubin,
    AUTHOR = {Rubin, Karl and Silverberg, Alice},
     TITLE = {Torus-based cryptography},
 BOOKTITLE = {Advances in cryptology---{CRYPTO} 2003},
    SERIES = {Lecture Notes in Comput. Sci.},
    VOLUME = {2729},
     PAGES = {349--365},
 PUBLISHER = {Springer, Berlin},
      YEAR = {2003},
   MRCLASS = {94A60 (14G50)},
  MRNUMBER = {2093203},
       DOI = {10.1007/978-3-540-45146-4_21},
       URL = {http://dx.doi.org/10.1007/978-3-540-45146-4_21},
}

@article {Joyner,
    AUTHOR = {Joyner, David},
     TITLE = {Toric codes over finite fields},
   JOURNAL = {Appl. Algebra Engrg. Comm. Comput.},
  FJOURNAL = {Applicable Algebra in Engineering, Communication and
              Computing},
    VOLUME = {15},
      YEAR = {2004},
    NUMBER = {1},
     PAGES = {63--79},
      ISSN = {0938-1279},
   MRCLASS = {94B25 (94B27)},
  MRNUMBER = {2142431},
MRREVIEWER = {Sapna Jain},
       DOI = {10.1007/s00200-004-0152-x},
       URL = {http://dx.doi.org/10.1007/s00200-004-0152-x},
}

@book {ToricCodes,
     TITLE = {Advances in algebraic geometry codes},
    SERIES = {Series on Coding Theory and Cryptology},
    VOLUME = {5},
    EDITOR = {Mart\'\i nez-Moro, Edgar and Munuera, Carlos and Ruano, Diego},
 PUBLISHER = {World Scientific Publishing Co. Pte. Ltd., Hackensack, NJ},
      YEAR = {2008},
     PAGES = {viii+444},
      ISBN = {978-981-279-400-0; 981-279-400-X},
   MRCLASS = {94-06 (14G50 94B27)},
  MRNUMBER = {2516523},
       DOI = {10.1142/9789812794017},
       URL = {http://dx.doi.org/10.1142/9789812794017},
}

@article {Kemper,
    AUTHOR = {Kemper, Gregor},
     TITLE = {Using extended {D}erksen ideals in computational invariant
              theory},
   JOURNAL = {J. Symbolic Comput.},
  FJOURNAL = {Journal of Symbolic Computation},
    VOLUME = {72},
      YEAR = {2016},
     PAGES = {161--181},
      ISSN = {0747-7171},
   MRCLASS = {13A50 (68W30)},
  MRNUMBER = {3369055},
MRREVIEWER = {Tony Shaska},
       DOI = {10.1016/j.jsc.2015.02.004},
       URL = {http://dx.doi.org/10.1016/j.jsc.2015.02.004},
}

@book {Sturmfels,
    AUTHOR = {Sturmfels, Bernd},
     TITLE = {Algorithms in invariant theory},
    SERIES = {Texts and Monographs in Symbolic Computation},
   EDITION = {Second},
 PUBLISHER = {SpringerWienNewYork, Vienna},
      YEAR = {2008},
     PAGES = {vi+197},
      ISBN = {978-3-211-77416-8},
   MRCLASS = {13A50 (13P10 20G05)},
  MRNUMBER = {2667486},
}

@book {Kemper2,
    AUTHOR = {Derksen, Harm and Kemper, Gregor},
     TITLE = {Computational invariant theory},
    SERIES = {Encyclopaedia of Mathematical Sciences},
    VOLUME = {130},
   EDITION = {enlarged},
      NOTE = {With two appendices by Vladimir L. Popov, and an addendum by
              Norbert A'Campo and Popov,
              Invariant Theory and Algebraic Transformation Groups, VIII},
 PUBLISHER = {Springer, Heidelberg},
      YEAR = {2015},
     PAGES = {xxii+366},
      ISBN = {978-3-662-48420-3; 978-3-662-48422-7},
   MRCLASS = {13A50 (12Y05 13P10 14L24 15A72 68W30)},
  MRNUMBER = {3445218},
MRREVIEWER = {Thomas Garrity},
       DOI = {10.1007/978-3-662-48422-7},
       URL = {http://dx.doi.org/10.1007/978-3-662-48422-7},
}

@book {Renault,
    AUTHOR = {Renault, Marc Stetson},
     TITLE = {Computing generators for rings of multiplicative invariants},
      NOTE = {Thesis (Ph.D.)--Temple University},
 PUBLISHER = {ProQuest LLC, Ann Arbor, MI},
      YEAR = {2002},
     PAGES = {79},
      ISBN = {978-0496-27026-2},
   MRCLASS = {Thesis},
  MRNUMBER = {2704228},
       URL =
              {http://gateway.proquest.com/openurl?url_ver=Z39.88-2004&rft_val_fmt=info:ofi/fmt:kev:mtx:dissertation&res_dat=xri:pqdiss&rft_dat=xri:pqdiss:3079141},
}

@book {Goss,
    AUTHOR = {Goss, David},
     TITLE = {Basic structures of function field arithmetic},
    SERIES = {Ergebnisse der Mathematik und ihrer Grenzgebiete (3) [Results
              in Mathematics and Related Areas (3)]},
    VOLUME = {35},
 PUBLISHER = {Springer-Verlag, Berlin},
      YEAR = {1996},
     PAGES = {xiv+422},
      ISBN = {3-540-61087-1},
   MRCLASS = {11G09 (11L05 11R58)},
  MRNUMBER = {1423131},
MRREVIEWER = {Jeremy T. Teitelbaum},
       DOI = {10.1007/978-3-642-61480-4},
       URL = {http://dx.doi.org/10.1007/978-3-642-61480-4},
}

@misc{stacks-project,
  shorthand    = {Stacks},
  author       = {The {Stacks Project Authors}},
  title        = {\itshape Stacks Project},
  howpublished = {{http://stacks.math.columbia.edu}},
  year         = {2017},
}

@book {Shafarevich,
    AUTHOR = {Shafarevich, I. R.},
     TITLE = {Basic algebraic geometry},
   EDITION = {Study},
      NOTE = {Translated from the Russian by K. A. Hirsch,
              Revised printing of Grundlehren der mathematischen
              Wissenschaften, Vol. 213, 1974},
 PUBLISHER = {Springer-Verlag, Berlin-New York},
      YEAR = {1977},
     PAGES = {xv+439},
   MRCLASS = {14-01},
  MRNUMBER = {0447223},
}

@book {Hartshorne,
    AUTHOR = {Hartshorne, Robin},
     TITLE = {Algebraic geometry},
      NOTE = {Graduate Texts in Mathematics, No. 52},
 PUBLISHER = {Springer-Verlag, New York-Heidelberg},
      YEAR = {1977},
     PAGES = {xvi+496},
      ISBN = {0-387-90244-9},
   MRCLASS = {14-01},
  MRNUMBER = {0463157},
MRREVIEWER = {Robert Speiser},
}

@book {Lang,
    AUTHOR = {Lang, Serge},
     TITLE = {Algebra},
    SERIES = {Graduate Texts in Mathematics},
    VOLUME = {211},
   EDITION = {third},
 PUBLISHER = {Springer-Verlag, New York},
      YEAR = {2002},
     PAGES = {xvi+914},
      ISBN = {0-387-95385-X},
   MRCLASS = {00A05 (15-02)},
  MRNUMBER = {1878556},
       DOI = {10.1007/978-1-4613-0041-0},
       URL = {http://dx.doi.org/10.1007/978-1-4613-0041-0},
}

@manual{GAP4,
    key          = "GAP",
    organization = "The GAP~Group",
    title        = "{GAP -- Groups, Algorithms, and Programming,
                    Version 4.8.7}",
    year         = 2017,
    url          = "\verb+(http://www.gap-system.org)+",
    }
    
    @manual{sagemath,
  Key          = {SageMath},
  Author       = {The Sage Developers},
  Title        = {{S}ageMath, the {S}age {M}athematics {S}oftware {S}ystem ({V}ersion 4.8)},
  note         = {{\tt http://www.sagemath.org}},
  Year         = {2012},
}

@article {Domokos,
    AUTHOR = {Domokos, M\'aty\'as},
     TITLE = {Covariants and the no-name lemma},
   JOURNAL = {J. Lie Theory},
  FJOURNAL = {Journal of Lie Theory},
    VOLUME = {18},
      YEAR = {2008},
    NUMBER = {4},
     PAGES = {839--849},
      ISSN = {0949-5932},
   MRCLASS = {13A50 (14E08 14L30)},
  MRNUMBER = {2523139},
MRREVIEWER = {Frank D. Grosshans},
}